<record><leader>00000cas a2200000 a 4500</leader><controlfield tag="001">12779341</controlfield><controlfield tag="008">851111d187018uucauwr ne      0    0eng c</controlfield><datafield ind1=" " ind2=" " tag="010"><subfield code="a">sn 93053413 </subfield></datafield><datafield ind1=" " ind2=" " tag="040"><subfield code="a">CDS</subfield><subfield code="b">eng</subfield><subfield code="c">CDS</subfield><subfield code="d">CNK</subfield><subfield code="d">OCL</subfield><subfield code="d">OCLCQ</subfield><subfield code="d">CNK</subfield><subfield code="d">OCLCQ</subfield><subfield code="d">OCLCF</subfield><subfield code="d">OCLCO</subfield></datafield><datafield ind1="1" ind2=" " tag="029"><subfield code="a">AU@</subfield><subfield code="b">000010508960</subfield></datafield><datafield ind1=" " ind2=" " tag="042"><subfield code="a">pcc</subfield></datafield><datafield ind1=" " ind2=" " tag="043"><subfield code="a">n-us-ca</subfield></datafield><datafield ind1=" " ind2=" " tag="090"><subfield code="a">F869.S12</subfield><subfield code="b">S158</subfield></datafield><datafield ind1="0" ind2="0" tag="245"><subfield code="a">Sacramento reporter.</subfield></datafield><datafield ind1=" " ind2=" " tag="260"><subfield code="a">Sacramento [Calif.] :</subfield><subfield code="b">State Pub. Co.</subfield></datafield><datafield ind1=" " ind2=" " tag="300"><subfield code="a">v. :</subfield><subfield code="b">ill. ;</subfield><subfield code="c">60 cm.</subfield></datafield><datafield ind1=" " ind2=" " tag="310"><subfield code="a">Weekly,</subfield><subfield code="b">May 14-&lt;July 30, 1872&gt;</subfield></datafield><datafield ind1=" " ind2=" " tag="321"><subfield code="a">Daily (except Sun.),</subfield><subfield code="b">Apr. 12, 1870-May 7, 1872</subfield></datafield><datafield ind1="0" ind2=" " tag="362"><subfield code="a">Vol. 5, no. 77 (Apr. 12, 1870)-</subfield></datafield><datafield ind1=" " ind2=" " tag="500"><subfield code="a">"State official paper."</subfield></datafield><datafield ind1=" " ind2=" " tag="530"><subfield code="a">Master negatives are available for duplication from:</subfield><subfield code="b">California Newspaper Microfilm Archive;</subfield><subfield code="c">positive copies may be purchased by the reel; for further information consult the CNMA at:</subfield><subfield code="u">http://cbsr.ucr.edu</subfield></datafield><datafield ind1=" " ind2="0" tag="651"><subfield code="a">Sacramento (Calif.)</subfield><subfield code="v">Newspapers.</subfield></datafield><datafield ind1=" " ind2="7" tag="655"><subfield code="a">Newspapers.</subfield><subfield code="2">fast</subfield><subfield code="0">(OCoLC)fst01423814</subfield></datafield><datafield ind1=" " ind2="7" tag="651"><subfield code="a">California</subfield><subfield code="z">Sacramento.</subfield><subfield code="2">fast</subfield><subfield code="0">(OCoLC)fst01205542</subfield></datafield><datafield ind1=" " ind2=" " tag="752"><subfield code="a">United States</subfield><subfield code="b">California</subfield><subfield code="c">Sacramento</subfield><subfield code="d">Sacramento.</subfield></datafield><datafield ind1="0" ind2=" " tag="775"><subfield code="t">Weekly Sacramento reporter</subfield><subfield code="w">(DLC)sn 93052187</subfield></datafield><datafield ind1="0" ind2=" " tag="775"><subfield code="t">Weekly state capital reporter</subfield><subfield code="w">(DLC)sn 93052186</subfield></datafield><datafield ind1="0" ind2="0" tag="780"><subfield code="t">State capital reporter (Sacramento, Calif.)</subfield><subfield code="w">(DLC)sn 93053412</subfield></datafield></record>